% Encoding: UTF-8

@Online{Arnedo2021,
  date   = {2021-10-05},
  title  = {Why you should store custom logs of your data pipelines and how to build a Data Catalog with them},
  url    = {https://towardsdatascience.com/why-you-should-store-custom-logs
  -of-your-data-pipelines-and-how-to-build-a-data-catalog-with-
  them-ee96a99a1c96},
}

@Comment{jabref-meta: databaseType:biblatex;}
