% Encoding: UTF-8

@Booklet{Oetiker2023,
  author    = {Tobias Oetiker and Marcin Serwin and Hubert Partl and Irene Hyna and Elisabeth Schlegl},
  date      = {2023},
  title     = {The Not So Short Introduction to LaTeX},
  pages     = {19, 20},
  pagetotal = {298},
  subtitle  = {The Not So Short Introduction to LaTeX},
  url       = {https://tobi.oetiker.ch/lshort/lshort.pdf},
  urldate   = {2024-02-13},
  keywords  = {LaTeX, Oetiker},
}

@Online{Kamunya2023,
  author       = {Titus Kamunya},
  date         = {2023-01-25},
  title        = {Should You Start Linting Your Code? [+5 Linting Tools]},
  url          = {https://geekflare.com/linting-tools/#geekflare-toc-css-lint},
  organization = {Geekflare},
  urldate      = {2023-12-07},
}

@Online{Cassidy2013,
  author       = {Josh Cassidy},
  date         = {2013-07},
  title        = {Getting started with BibLATeX},
  url          = {https://www.overleaf.com/learn/latex/Articles/Getting_started_with_BibLaTeX},
  organization = {Overleaf},
  urldate      = {2023-12-07},
}

@Online{Cuckow2022,
  author   = {Pez Cuckow},
  date     = {2022-12-17},
  editor   = {Pez Cuckow},
  title    = {BibLaTeX Linter},
  url      = {https://github.com/Pezmc/BibLaTeX-Linter},
  language = {English},
  urldate  = {2023-12-07},
}

@Online{2023,
  author       = {Lapatry, Corentin and Perez, Quentin and Degueule, Thomas and Falleri, Jean-Rémy and Urtado, Christelle and Vauttier, Sylvain and Blanc, Xavier and Teyton, Cédric},
  date         = {2023-01-24},
  title        = {MLinter: Learning Coding Practices from Examples - Dream of Reality?},
  url          = {https://arxiv.org/pdf/2301.10082.pdf},
  organization = {University of Bordeaux, INP, CNRS, LaBRI, UMR5800, Talence, France and EuroMov Digital Health in Motion, University of Montpellier \& IMT Mines Ales, Ales, France and SporMyze, Paris, France},
  urldate      = {2024-03-22},
  eprint       = {2301.10082v1},
}

@Online{Astral2024,
  author  = {Astral},
  date    = {2024},
  title   = {Ruff - Lint at lightspeed},
  url     = {https://astral.sh/ruff},
  urldate = {2024-03-23},
}

@Online{TurnerTrauring2023,
  author  = {Turner-Trauring, Itamar},
  date    = {2023-05-01},
  title   = {Goodbye to Flake8 and PyLint: faster linting with Ruff},
  url     = {https://pythonspeed.com/articles/pylint-flake8-ruff/},
  urldate = {2024-03-23},
}

@Online{VanDenKerchove2020,
  author  = {Van Den Kerchove, Arne},
  date    = {2020-11-02},
  title   = {BibL},
  url     = {https://gitlab.com/arnevdk/bibl/-/tree/master?ref_type=heads},
  urldate = {2024-03-23},
}

@Book{Klabnik2022,
  author    = {Klabnik, Steve and Nichols, Carol},
  date      = {2022-12},
  title     = {The Rust Programming Language},
  edition   = {2},
  isbn      = {9781718503106},
  pagetotal = {560},
  publisher = {No Starch Press},
  urldate   = {2024-03-23},
}

@Online{MDN2024,
  author  = {MDN},
  date    = {2024},
  title   = {JavaScript},
  url     = {https://developer.mozilla.org/en-US/docs/Web/javascript},
  urldate = {2024-03-23},
}

@Online{BorgesLate2021,
  author   = {Borges Late, Joana},
  date     = {2021-01-09},
  title    = {Making your own javascript linter},
  url      = {https://medium.com/codex/making-your-own-javascript-linter-part-1-ee9f91dc49d8},
  subtitle = {Part 1},
  urldate  = {2024-03-24},
}

@Comment{jabref-meta: databaseType:biblatex;}
